<?xml version="1.0" encoding="UTF-8"?><collection xmlns="http://www.loc.gov/MARC21/slim"><record><leader>00396nam--2200121-i-4500</leader><controlfield tag="001">000038693</controlfield><controlfield tag="002">20161230</controlfield><controlfield tag="005">20161230201041</controlfield><controlfield tag="008">060222s1000------------r-----000-0-eng-d</controlfield><datafield ind1=" " ind2=" " tag="080"><subfield code="a">656.073.436</subfield></datafield><datafield ind1=" " ind2=" " tag="245"><subfield code="a">Reglement int.concernant le transport des marchandises dangereus par chemins de fer. texte....entre en vigueur le 1-er avril 1967</subfield></datafield><datafield ind1=" " ind2=" " tag="260"><subfield code="a">Berne, Cim, 1967. 224 P. + P.Anexa</subfield></datafield><datafield ind1=" " ind2=" " tag="852"><subfield code="a">25327</subfield></datafield></record></collection>